% 1.期刊文献
% author中作者超过三个没有出现“等”，而仍然显示全部作者
@article{李晓东CCNUtype,
  author          = {李晓东 and 张庆红 and 叶瑾琳},
  title           = {气候学研究的若干理论问题},
  journaltitle    = {北京大学学报：自然科学版},
  year            = {1999},
  volume          = {35},
  number          = {1},
  pages           = {101-106}
}
% 如果 author 是 AhnCCNUtype 中这样直接{}的会造成多余的空格，但是如果是`{Ahn S}and`又会造成 `Ahn S`不出现的问题
@article{AhnCCNUtype,
  author          = {{Ahn S} and {Tanksley SD}},
  title           = {Comparative linkage maps of the rice and maize genomes},
  journaltitle    = {Proceedings of the National Academy of Sciences of the United States of America},
  year            = {1993},
  volume          = {90},
  pages           = {7980-7984}
}

@article{Ahnrawtype,
  author          = {Steven Ahn and Steven Ahn  and Steven Ahn and Steven D. Tanksley},
  title           = {Comparative linkage maps of the rice and maize genomes},
  journaltitle    = {Proceedings of the National Academy of Sciences of the United States of America},
  year            = {1993},
  volume          = {90},
  pages           = {7980-7984}
}

% 2.杂志（报纸）文献
@newspaper{丁文祥CCNUtype,
  author          = {丁文祥},
  title           = {数字革命与竞争国际化},
  journaltitle    = {中国青年报},
  date            = {2000-11-20},
  number          = {15}
}

% 3.会议论文集
@inproceedings{邱泽奇rawtype,
  author          = {邱泽奇},
  title           = {建构与分化：当代中国社会结构的过程},
  editor          = {潘乃谷 and 马戎},
  booktitle       = {中国社会学纪念费孝通教授学术活动 60 周年学术讨论会},
  location        = {北京},
  year            = {1998},
  publisher       = {天津：天津农业科技术出版社},
  pages           = {1-10}
}

@inproceedings{邱泽奇CCNUtype,
  author          = {邱泽奇},
  title           = {建构与分化：当代中国社会结构的过程},
  editor          = {潘乃谷 and 马戎},
  booktitle       = {中国社会学纪念费孝通教授学术活动 60 周年学术讨论会},
  location        = {北京},
  year            = {1998},
  publisher       = {天津：天津农业科技术出版社},
  pages           = {1-10},
  series          = {series},
  address         = {address},
  month           = {month},
  organization    = {organization},
  note            = {note}
}

@inproceedings{邱泽奇testCCNUtype,
  author          = {test},
  title           = {test},
  editor          = {test and test},
  booktitle       = {test},
  location        = {test},
  year            = {1998},
  publisher       = {test},
  pages           = {1-10},
  series          = {series},
  address         = {address},
  month           = {month},
  organization    = {organization},
  note            = {note}
}
@proceedings{雷光春rawtype,
  author          = {雷光春},
  title           = {综合湿地管理：综合湿地管理国际研讨会论文集},
  location        = {北京},
  publisher       = {海洋出版社},
  year            = {2012},
}

% 4.会议论文
@proceedings{邱泽奇会议论文rawtype,  
  author       = {邱泽奇},
  title        = {建构与分化：当代中国社会结构的过程},
  journaltitle = {中国社会学纪念费孝通教授学术活动 60 周年学术讨论会 },
  year         = {1996},
  address      = {北京}
}

@article{邱泽奇会议论文CCNUtype,  
  usera        = {C},
  author       = {邱泽奇},
  title        = {建构与分化：当代中国社会结构的过程},
  journaltitle = {中国社会学纪念费孝通教授学术活动 60 周年学术讨论会 },
  year         = {1996},
  volume       = {北京},
}
@proceedings{zhangrawtype,  
  author       = {{Zhang Q} and {Gao YJ} and {Yang SH} and {Ragab R}},
  title        = {Molecular marker-based analysis of heterosis in hybrid rice},
  journaltitle = {Abstract, 7th Annual Meeting of the Rockefeller Foundation's International Program on Rice Biotechnology},
  year         = {1994},
  address      = {Bali, Indonesia},
}

@article{zhangCCNUtype,  
  usera        = {C},
  author       = {Xia KangWei and Xia Kang Wei and Xia Kangwei},
  title        = {Molecular marker-based analysis of heterosis in hybrid rice},
  journaltitle = {Abstract, 7th Annual Meeting of the Rockefeller Foundation's International Program on Rice Biotechnology},
  year         = {1994},
  volume       = {Bali, Indonesia},
}

% 5.普通图书
@book{马克思rawtype,
  title        = {马克思恩格斯选集（第1卷）},
  location     = {北京},
  publisher    = {人民出版社},
  year         = {1995},
  pages        = {22-23},
}
@book{昂温rawtype,
  author       = {{昂温, G} and {昂温, PS}},
  title        = {外国出版史},
  translator   = {陈生铮},
  location     = {北京},
  publisher    = {中国书籍出版社},
  year         = {1988},
}
@book{Fothrawtype,
  author       = {Henry D. Foth},
  title        = {Fundamentals of soil science},
  edition      = {7},
  location     = {New York},
  publisher    = {John Wiley & Sons},
  year         = {1984},
  pages        = {151-159},
}
% 6.专著章节或文集
@inbook{杨国枢rawtype,
  author       = {杨国枢},
  title        = {中国人对现代化的反应：心理学的观点},
  editor       = {乔健},
  booktitle    = {中国人的观念与行为},
  location     = {天津},
  publisher    = {天津人民出版社},
  year         = {1995},
  pages        = {209-239},
}
@inbook{杨国枢CCNUtype,
  author       = {杨国枢},
  title        = {中国人对现代化的反应：心理学的观点},
  booktitle    = {乔健主编, 中国人的观念与行为},
  location     = {天津},
  publisher    = {天津人民出版社},
  year         = {1995},
  pages        = {209-239},
}
@inbook{Morisonrawtype,
  author       = {James I L Morison},
  title        = {Intercellular $\mathrm{CO}_2$ concentration and stomatal responses to $\mathrm{CO}_2$},
  editor       = {Eduardo Zeiger and Eduardo Zeiger and Eduardo Zeiger and Eduardo Zeiger},
  booktitle    = {Stomatal Function},
  location     = {Stanford},
  publisher    = {Stanford University Press},
  year         = {1987},
  pages        = {229-251}
}
@inbook{MorisonCCNUtype,
  author       = {{Morison JIL}},
  title        = {Intercellular $\mathrm{CO}_2$ concentration and stomatal responses to $\mathrm{CO}_2$},
  booktitle    = {Zeiger E, Farquhar GD, Cowan IR eds., Stomatal Function},
  location     = {Stanford},
  publisher    = {Stanford University Press},
  year         = {1987},
  pages        = {229-251}
}
% 7.学位论文
@phdthesis{张志祥rawtype,
  author       = {张志祥},
  title        = {间断动力系统的随机扰动及其在守恒律方程中的应用},
  location     = {北京},
  institution  = {北京大学},
  year         = {1998}
}
@mastersthesis{徐秀英rawtype,
  author       = {徐秀英},
  title        = {家庭教育对低年级小学生语文学习习惯的影响及对策研究},
  location     = {武汉},
  institution  = {华中师范大学},
  year         = {2013}
}
@mastersthesis{Aldemitarawtype,
  author       = {Rhodora Romero Aldemita},
  title        = {Genetic Engineering of rice: Agrobacterium tumefaciens-mediatedtransformation of rice and evaluation of a corn pollen-specific promoter using the gusA gene in transgenic rice},
  location     = {West Lafyatte},
  publisher    = {Purdue University},
  year         = {1998}
}
% 8.专利
@patent{张凯军rawtype,
  author       = {张凯军},
  title        = {轨道火车及高速轨道火车紧急安全制动辅助装置},
  location     = {China},
  number       = {201220158825.2},     
  date         = {2012-04-05}
}
@patent{Kosekrawtype,
  author       = {{Kosek A} and {Momose H} and {Kawahito M} and {Alan Turling}},
  title        = {Compiler},
  location     = {US},
  number       = {828402},     
  date         = {2002-05-25}
}
@patent{KosekCCNUtype,
  author       = {{Kosek A} and {Momose H} and {Kawahito M} and {Alan Turling}},
  title        = {Compiler},
  number       = {US, 828402},     
  date         = {2002-05-25}
}
% 9.技术标准
@standard{文献编写CCNUtype,
  author       = {全国文献工作标准化技术委员会第六分委员会},
  title        = {GB 6447-86. 文献编写规则},
  location     = {北京},
  publisher    = {中国标准出版社},
  year         = {1986}
}
% 10.报告
@report{国防白皮CCNUtype,
  author       = {中华人民共和国国务院新闻办公室},
  title        = {国防白皮书：中国武装力量的多样化运用},
  date         = {2013-04-16},
  urldate      = {2014-06-11}
}
% 当author是个组织的时候直接抄录
@report{federalCCNUtype,
  author       = {{U.S. Department of Transportation Federal Highway Administration}},
  title        = {Guidelines for bandling excavated acid-producing materials, PB 91-194001},
  location     = {Springfield},
  institution  = {U.S. Department of Commerce National Information Service},
  date         = {1990},
  pages        = {22-23} 
}
@report{healthCCNUtype,
  author       = {{World Health Organization}},
  title        = {Factors regulating the immune response: report of WHO Scientific Group},
  location     = {Geneva},
  institution  = {WHO},
  year         = {1970},
  pages        = {10-11} 
}
% 11.电子资源
@online{江向东rawtype,
  author          = {江向东},
  title           = {互联网环境下的信息处理与图书管理系统解决方案},
  usera           = {J},
  journal         = {情报学报},
  number          = {2},
  volume          = {18},
  year            = {1998},
  pages           = {4},
  urldate         = {2000-01-18},
  url             = {http://www.chinainfo.gov.cn/periodical/gbxb/gbxb99/gbxb990203}
}
@article{江向东CCNUtype,
  author          = {江向东},
  title           = {互联网环境下的信息处理与图书管理系统解决方案},
  usera           = {J},
  journal         = {情报学报},
  number          = {2},
  volume          = {18},
  year            = {1998},
  pages           = {4},
  urldate         = {2000-01-18},
  url             = {http://www.chinainfo.gov.cn/periodical/gbxb/gbxb99/gbxb990203}
}
@online{萧钮CCNUtype,
  author          = {萧钮},
  title           = {出版业信息化迈入快车道},
  year            = {2001-12-19},
  urldate         = {2002-04-15},
  url             = {http://www.creader.com/news/20011219/200112190019.html}
}
@online{Dublinrawtype,
  title           = {Dublin core metadata element set: version 1.1},
  year            = {2012-06-14},
  urldate         = {2014-06-11},
  url             = {http://dublincore.org/documents/dees/}
}
