@book{华东师大数学分析,
  author       = {华东师范大学数学系},
  title        = {数学分析（上册）},
  location     = {北京},
  publisher    = {高等教育出版社},
  year         = {2010}
}

@mastersthesis{李超2021高观点,
  title={“高观点” 下高中导数解题及教学研究},
  author={李超},
  year={2021},
  school={云南师范大学}
}

@article{刘孝伟2002均值不等式解高考题综述,
  title={均值不等式解高考题综述},
  author={刘孝伟},
  journal={数理化学习: 高中版},
  number={15},
  year={2002}
}

@mastersthesis{贾静2017关于均值不等式的教学探究及应用,
  title={关于均值不等式的教学探究及应用},
  author={贾静},
  year={2017},
  school={西北大学}
}

@article{孙明保均值不等式在求解数列问题中的应用举例,
  title={均值不等式在求解数列问题中的应用举例},
  author={孙明保 and 李新平 and 杨雄 and 夏汝刚 and 张佩佩},
  journaltitle    = {湖南理工学院学报(自然科学版)},
  year            = {2020},
  volume          = {33},
  number          = {44},
  pages           = {5-6}
}

@article{戴伟2020关于均值不等式的一个证明,
  title={关于均值不等式的一个证明},
  author={戴伟},
  journal={淮北师范大学学报: 自然科学版},
  volume={41},
  number={1},
  pages={29--32},
  year={2020}
}

@article{马玉梅2020微积分教学中几个问题的思考,
  title={微积分教学中几个问题的思考},
  author={马玉梅 and 刘恒 and 周文书 and 王金芝 and 齐淑华},
  journal={大连民族大学学报},
  volume={22},
  number={5},
  pages={434--436},
  year={2020}
}

@mastersthesis{李梦2019数学竞赛中柯西不等式的教学研究,
  title={数学竞赛中柯西不等式的教学研究},
  author={李梦},
  year={2019},
  school={华中师范大学}
}

@article{陈明2018柯西不等式的几点注记,
  title={柯西不等式的几点注记},
  author={陈明},
  journal={遵义师范学院学报},
  volume={6},
  year={2018}
}

@article{苏裕华2021一道北大,
  title={一道北大 “强基” 试题的解法与拓展},
  author={苏裕华},
  journal={中学数学教学},
  year={2021}
}

@article{朱小扣2020聚焦柯西不等式在竞赛中四大运用,
  title={聚焦柯西不等式在竞赛中四大运用},
  author={朱小扣 and 樊惟媛},
  journal={数理化解题研究},
  year={2020}
}

@article{杨克昌1997一类不等式的加强与综合,
  title={一类不等式的加强与综合},
  author={杨克昌},
  journal={湖南理工学院学报: 自然科学版},
  number={2},
  pages={37--40},
  year={1997}
}

@article{moslehian2021arithmetic,
  title={The arithmetic-geometric mean inequality of indefinite type},
  author={Moslehian, Mohammad Sal and Sano, Takashi and Sugawara, Kota},
  journal={Archiv der Mathematik},
  volume={117},
  number={3},
  pages={347--359},
  year={2021},
  publisher={Springer}
}

@article{harutyunyan2018cauchy,
  title={When the Cauchy inequality becomes a formula},
  author={Harutyunyan, Davit},
  journal={The American Mathematical Monthly},
  volume={125},
  number={9},
  pages={835--838},
  year={2018},
  publisher={Taylor \& Francis}
}