@standard{本科生院毕业论文注释与参考文献著录格式,
  author    = {华中师范大学本科生院（党委学工部）},
  title     = {附件4：关于修订毕业论文注释与参考文献著录格式的通知},
  year      = {2021}
}

@standard{研究生院研究生学位论文规范,
  author    = {华中师范大学研究生院},
  title     = {研究生学位论文规范},
  url       = {http://gs.ccnu.edu.cn/info/1049/1398.htm}
}