@book{施良方1999教学理论,
  title={教学理论: 课堂教学的原理, 策略与研究},
  author={施良方 and 崔允漷},
  year={1999},
  location={上海},
  publisher={华东师范大学出版社}
}

@book{鲍里奇2002有效教学方法,
  title={有效教学方法},
  author={{加里·D·鲍里奇}},
  translator= {易东平},
  location= {南京},
  publisher= {江苏教育出版社},
  year={2002}
}

@article{朱杰珍2013刍议数学课堂提问的功能与技巧,
  title={刍议数学课堂提问的功能与技巧},
  author={朱杰珍},
  journal={山西青年},
  number={02},
  pages={45},
  year={2013}
}
@article{王小清2020小学数学课堂提问类型探究,
  title={小学数学课堂提问类型探究},
  author={王小清},
  journal={数学大世界(上旬)},
  number={12},
  pages={26},
  year={2020}
}
@article{喻洋2017中学数学课堂提问的类型与技巧,
  title={中学数学课堂提问的类型与技巧},
  author={喻洋},
  journal={新校园(中旬)},
  number={10},
  pages={73},
  year={2017}
}

@mastersthesis{梁平2011初中数学课堂提问有效性及其策略的研究,
  author       = {梁平},
  title        = {初中数学课堂提问有效性及其策略的研究},
  location     = {广西},
  institution  = {广西师范大学},
  year         = {2011}
}

@mastersthesis{黄小安2006高中数学课堂提问有效性研究,
  author       = {黄小安},
  title        = {高中数学课堂提问有效性研究},
  location     = {湖南},
  institution  = {湖南师范大学},
  year         = {2006}
}
@article{赵敏霞2003对教师有效课堂教学提问的思考,
  title={对教师有效课堂教学提问的思考},
  author={赵敏霞},
  journal={现代教育论丛},
  number={03},
  pages={16-19},
  year={2003}
}

@mastersthesis{王雪梅2006课堂提问的有效性及其策略研究,
  author       = {王雪梅},
  title        = {课堂提问的有效性及其策略研究},
  location     = {甘肃},
  institution  = {西北师范大学},
  year         = {2006}
}

@article{卢正芝2010价值取向与标准建构,
  title={教师有效课堂提问:价值取向与标准建构},
  author={卢正芝 and 洪松舟},
  journal={教育研究},
  volume={31},
  number={04},
  pages={65-70},
  year={2010}
}

@article{温建红2011数学课堂有效提问的内涵及特征,
  title={数学课堂有效提问的内涵及特征},
  author={温建红},
  journal={数学教育学报},
  volume={20},
  number={06},
  pages={11-15},
  year={2011}
}